% Use this file for citations not found in the ACL Anthology (contained in "anthology.bib").
@article{islam,
	title        = {COVID-19–Related Infodemic and Its Impact on Public Health: A Global Social Media Analysis},
	author       = {Islam, Md Saiful and Sarkar, Tonmoy and Khan, Sazzad Hossain and Mostofa Kamal, Abu-Hena and Hasan, Sarkar Mohammad Murshid and Kabir, Alamgir and Yeasmin, Dalia and Islam, Mohammad Ariful and Amin Chowdhury, Kamal Ibne and Anwar, Kazi Selim and Chughtai, Abrar Ahmad and Seale, Holly},
	year         = 2020,
	month        = {Aug},
	journal      = {The American Journal of Tropical Medicine and Hygiene},
	volume       = 103,
	number       = 4,
	doi          = {https://doi.org/10.4269/ajtmh.20-0812},
	url          = {https://www.ajtmh.org/view/journals/tpmd/103/4/article-p1621.xml}
}
@inproceedings{goldsack,
	title        = {Making Science Simple: Corpora for the Lay Summarisation of Scientific Literature},
	author       = {Goldsack, Tomas  and Zhang, Zhihao  and Lin, Chenghua  and Scarton, Carolina},
	year         = 2022,
	month        = dec,
	booktitle    = {Proceedings of the 2022 Conference on Empirical Methods in Natural Language Processing},
	publisher    = {Association for Computational Linguistics},
	address      = {Abu Dhabi, United Arab Emirates},
	pages        = {10589--10604},
	url          = {https://aclanthology.org/2022.emnlp-main.724}
}
@inproceedings{biolaysumm-2023-overview,
 title = "Overview of the BioLaySumm 2023 Shared Task on Lay Summarization of Biomedical Research Articles",
 author = "Goldsack, Tomas and
    Luo, Zheheng and
    Xie, Qianqian and
    Scarton, Carolina and
    Shardlow, Matthew and
    Ananiadou, Sophia and
    Lin, Chenghua",
 booktitle = "Proceedings of the 22st Workshop on Biomedical Language Processing",
 month = July,
 year = "2023",
 address = "Toronto, Canada",
 publisher = "Association for Computational Linguistics"
}
@article{li2023comparative,
  title={A comparative study of pretrained language models for long clinical text},
  author={Li, Yikuan and Wehbe, Ramsey M and Ahmad, Faraz S and Wang, Hanyin and Luo, Yuan},
  journal={Journal of the American Medical Informatics Association},
  volume={30},
  number={2},
  pages={340--347},
  year={2023},
  publisher={Oxford University Press}
}
@misc{lehman2023clinical,
  title={Clinical-T5: Large Language Models Built Using MIMIC Clinical Text (version 1.0.0)},
  author={Lehman, Eric and Johnson, Alistair},
  year={2023},
  howpublished={PhysioNet},
  doi={10.13026/rj8x-v335},
  url={https://doi.org/10.13026/rj8x-v335}
}
@article{radford2019language,
  title={Language Models are Unsupervised Multitask Learners},
  author={Radford, Alec and Wu, Jeff and Child, Rewon and Luan, David and Amodei, Dario and Sutskever, Ilya},
  year={2019}
}
@inproceedings{Kincaid1975DerivationON,
  title={Derivation of New Readability Formulas (Automated Readability Index, Fog Count and Flesch Reading Ease Formula) for Navy Enlisted Personnel},
  author={J. Peter Kincaid and Robert P. Fishburne and Richard L. Rogers and Brad S. Chissom},
  year={1975}
}
@techreport{senter1967automated,
  title={Automated Readability Index},
  author={Senter, R J and Smith, E A},
  year={1967},
  month={Nov},
  institution={Aerospace Medical Research Laboratories (U.S.)},
  number={AMRL-TR-6620},
  address={Wright-Patterson Air Force Base},
  pages={1--14},
  pmid={5302480},
}
@book{gunning1952technique,
  title={The Technique of Clear Writing},
  author={Gunning, Robert},
  year={1952},
  publisher={McGraw-Hill},
  address={New York},
  pages={36--37}
}
@inproceedings{lin-2004-rouge,
    title = "{ROUGE}: A Package for Automatic Evaluation of Summaries",
    author = "Lin, Chin-Yew",
    booktitle = "Text Summarization Branches Out",
    month = jul,
    year = "2004",
    address = "Barcelona, Spain",
    publisher = "Association for Computational Linguistics",
    url = "https://aclanthology.org/W04-1013",
    pages = "74--81",
}
@inproceedings{chandrasekaran,
	title        = {Overview and Insights from the Shared Tasks at Scholarly Document Processing 2020: {CL}-{S}ci{S}umm, {L}ay{S}umm and {L}ong{S}umm},
	author       = {Chandrasekaran, Muthu Kumar  and Feigenblat, Guy  and Hovy, Eduard  and Ravichander, Abhilasha  and Shmueli-Scheuer, Michal  and de Waard, Anita},
	year         = 2020,
	month        = nov,
	booktitle    = {Proceedings of the First Workshop on Scholarly Document Processing},
	publisher    = {Association for Computational Linguistics},
	address      = {Online},
	pages        = {214--224},
	doi          = {10.18653/v1/2020.sdp-1.24},
	url          = {https://aclanthology.org/2020.sdp-1.24}
}
@inproceedings{zhang,
	title        = {{PEGASUS}: Pre-training with Extracted Gap-sentences for Abstractive Summarization},
	author       = {Zhang, Jingqing and Zhao, Yao and Saleh, Mohammad and Liu, Peter},
	year         = 2020,
	month        = {13--18 Jul},
	booktitle    = {Proceedings of the 37th International Conference on Machine Learning},
	publisher    = {PMLR},
	series       = {Proceedings of Machine Learning Research},
	volume       = 119,
	pages        = {11328--11339},
	url          = {https://proceedings.mlr.press/v119/zhang20ae.html},
	editor       = {III, Hal Daumé and Singh, Aarti},
	pdf          = {http://proceedings.mlr.press/v119/zhang20ae/zhang20ae.pdf}
}
@inproceedings{lin,
	title        = {{ROUGE}: A Package for Automatic Evaluation of Summaries},
	author       = {Lin, Chin-Yew},
	year         = 2004,
	month        = jul,
	booktitle    = {Text Summarization Branches Out},
	publisher    = {Association for Computational Linguistics},
	address      = {Barcelona, Spain},
	pages        = {74--81},
	url          = {https://aclanthology.org/W04-1013}
}
@inproceedings{luo,
	title        = {Readability Controllable Biomedical Document Summarization},
	author       = {Luo, Zheheng  and Xie, Qianqian  and Ananiadou, Sophia},
	year         = 2022,
	month        = dec,
	booktitle    = {Findings of the Association for Computational Linguistics: EMNLP 2022},
	publisher    = {Association for Computational Linguistics},
	address      = {Abu Dhabi, United Arab Emirates},
	pages        = {4667--4680},
	url          = {https://aclanthology.org/2022.findings-emnlp.343}
}
@inproceedings{chaturvedi,
	title        = {Divide and Conquer: From Complexity to Simplicity for Lay Summarization},
	author       = {Chaturvedi, Rochana  and ., Saachi  and Dhani, Jaspreet Singh  and Joshi, Anurag  and Khanna, Ankush  and Tomar, Neha  and Duari, Swagata  and Khurana, Alka  and Bhatnagar, Vasudha},
	year         = 2020,
	month        = nov,
	booktitle    = {Proceedings of the First Workshop on Scholarly Document Processing},
	publisher    = {Association for Computational Linguistics},
	address      = {Online},
	pages        = {344--355},
	doi          = {10.18653/v1/2020.sdp-1.40},
	url          = {https://aclanthology.org/2020.sdp-1.40}
}
@inproceedings{kim,
	title        = {Using Pre-Trained Transformer for Better Lay Summarization},
	author       = {Kim, Seungwon},
	year         = 2020,
	month        = nov,
	booktitle    = {Proceedings of the First Workshop on Scholarly Document Processing},
	publisher    = {Association for Computational Linguistics},
	address      = {Online},
	pages        = {328--335},
	doi          = {10.18653/v1/2020.sdp-1.38},
	url          = {https://aclanthology.org/2020.sdp-1.38}
}
@article{Smith,
	title        = {Automated readability index.},
	author       = {E A Smith and R. Senter},
	year         = 1967,
	journal      = {AMRL-TR. Aerospace Medical Research Laboratories},
	pages        = {1--14}
}
@article{Coleman,
	title        = {A computer readability formula designed for machine scoring.},
	author       = {Meri Coleman and Ta Lin Liau},
	year         = 1975,
	journal      = {Journal of Applied Psychology},
	volume       = 60,
	pages        = {283--284}
}
@article{Devlin,
	title        = {BERT: Pre-training of Deep Bidirectional Transformers for Language Understanding},
	author       = {Jacob Devlin and Ming-Wei Chang and Kenton Lee and Kristina Toutanova},
	year         = 2019,
	journal      = {ArXiv},
	volume       = {abs/1810.04805}
}
@article{biogpt,
	title        = {{BioGPT: generative pre-trained transformer for biomedical text generation and mining}},
	author       = {Luo, Renqian and Sun, Liai and Xia, Yingce and Qin, Tao and Zhang, Sheng and Poon, Hoifung and Liu, Tie-Yan},
	year         = 2022,
	month        = {09},
	journal      = {Briefings in Bioinformatics},
	volume       = 23,
	number       = 6,
	doi          = {10.1093/bib/bbac409},
	issn         = {1477-4054},
	url          = {https://doi.org/10.1093/bib/bbac409},
	note         = {bbac409},
	eprint       = {https://academic.oup.com/bib/article-pdf/23/6/bbac409/47144271/bbac409.pdf}
}
@misc{clinicalt5,
	title        = {Clinical-T5: Large Language Models Built Using MIMIC Clinical Text v1.0.0},
	author       = {Lehman, Eric and Johnson, Alistair},
	year         = 2023,
	month        = {Jan},
	journal      = {physionet.org},
	url          = {https://physionet.org/content/clinical-t5/1.0.0/}
}
@misc{PhysioNet,
	title        = {{PhysioBank, PhysioToolkit, and PhysioNet: Components of a new research resource for complex physiologic signals.}},
	author       = {Goldberger},
	year         = 2000,
	pages        = {e215–e220}
}
@inproceedings{bart,
	title        = {{BART}: Denoising Sequence-to-Sequence Pre-training for Natural Language Generation, Translation, and Comprehension},
	author       = {Lewis, Mike  and Liu, Yinhan  and Goyal, Naman  and Ghazvininejad, Marjan  and Mohamed, Abdelrahman  and Levy, Omer  and Stoyanov, Veselin  and Zettlemoyer, Luke},
	year         = 2020,
	month        = jul,
	booktitle    = {Proceedings of the 58th Annual Meeting of the Association for Computational Linguistics},
	publisher    = {Association for Computational Linguistics},
	address      = {Online},
	pages        = {7871--7880},
	doi          = {10.18653/v1/2020.acl-main.703},
	url          = {https://aclanthology.org/2020.acl-main.703}
}
@article{domainspecificbiomed,
	title        = {Domain-Specific Language Model Pretraining for Biomedical Natural Language Processing},
	author       = {Gu, Yu and Tinn, Robert and Cheng, Hao and Lucas, Michael and Usuyama, Naoto and Liu, Xiaodong and Naumann, Tristan and Gao, Jianfeng and Poon, Hoifung},
	year         = 2021,
	month        = {oct},
	journal      = {ACM Trans. Comput. Healthcare},
	publisher    = {Association for Computing Machinery},
	address      = {New York, NY, USA},
	volume       = 3,
	number       = 1,
	doi          = {10.1145/3458754},
	issn         = {2691-1957},
	url          = {https://doi.org/10.1145/3458754},
	issue_date   = {January 2022},
	articleno    = 2,
	numpages     = 23,
	keywords     = {domain-specific pretraining, Biomedical, NLP}
}
@article{biomedsurvey,
	title        = {Pre-trained Language Models in Biomedical Domain: A Systematic Survey},
	author       = {Benyou Wang and Qianqian Xie and Jiahuan Pei and Prayag Tiwari and Zhao Li and Jie Fu},
	year         = 2021,
	journal      = {ArXiv},
	volume       = {abs/2110.05006}
}
@inproceedings{gpt3biomed,
	title        = {Thinking about {GPT}-3 In-Context Learning for Biomedical {IE}? Think Again},
	author       = {Jimenez Gutierrez, Bernal  and McNeal, Nikolas  and Washington, Clayton  and Chen, You  and Li, Lang  and Sun, Huan  and Su, Yu},
	year         = 2022,
	month        = dec,
	booktitle    = {Findings of the Association for Computational Linguistics: EMNLP 2022},
	publisher    = {Association for Computational Linguistics},
	address      = {Abu Dhabi, United Arab Emirates},
	pages        = {4497--4512},
	url          = {https://aclanthology.org/2022.findings-emnlp.329}
}
